@book{xiaolan15_chinas,
	title={China's path to innovation},
	author={Fu, Xiaolan},
	year={2015},
	publisher={Cambridge University Press}
}
@Book{simon09_chinas,
  author =       {Simon, Denis},
  title =        {China's emerging technological edge : assessing the role of  high-end talent},
  year =         2009,
  publisher =    {Cambridge University Press},
  address =      {Cambridge, UK New York},
  isbn =         9780521712330,
}
@Book{ang16_how_china,
  author =       {Ang, Yuen Yuen},
  title =        {How China escaped the poverty trap},
  year =         2016,
  publisher =    {Cornell University Press},
  address =      {Ithaca},
  isbn =         9781501700200,
}
@Book{shambaugh13_china,
  author =       {Shambaugh, David},
  title =        {China goes global : the partial power},
  year =         2013,
  publisher =    {Oxford University Press},
  address =      {Oxford New York},
  isbn =         9780199361038,
}
@Book{haour16_creat_china,
  author =       {Haour, Georges},
  title =        {Created in China : how China is becoming a global innovator},
  year =         2016,
  publisher =    {Bloomsbury Publishing Plc},
  address =      {New York},
  isbn =         9781472925138,
}
@Book{dollar20_china,
  author =       {Dollar, David},
  title =        {China 2049 : economic challenges of a rising global power},
  year =         2020,
  publisher =    {Brookings Institution Press},
  address =      {Washington, D.C},
  isbn =         9780815738053,
}
@Book{khan18_haunt,
  author =       {Khan, Sulmaan},
  title =        {Haunted by chaos : China's grand strategy from Mao Zedong to
  Xi Jinping},
  year =         2018,
  publisher =    {Harvard University Press},
  address =      {Cambridge, Massachusetts},
  isbn =         9780674977099,
}
@Book{andreas09_rise,
  author =       {Andreas, Joel},
  title =        {Rise of the red engineers : the Cultural Revolution and the origins of China's new class},
  year =         2009,
  publisher =    {Stanford University Press},
  address =      {Stanford, Calif},
  isbn =         9780804760782,
}
@Book{naughton18_chines,
  author =       {Naughton, Barry},
  title =        {The Chinese economy : adaptation and growth},
  year =         2018,
  publisher =    {The MIT Press},
  address =      {Cambridge, Massachusetts},
  isbn =         9780262534796,
}
@Book{naughton21_rise,
  author =       {Naughton, Barry},
  title =        {The Rise of China’s Industrial Policy, 1978 to 2020},
  year =         2021,
  publisher =    {Universidad Nacional Autónoma de México},
  address =      {Facultad de Economía Ciudad Universitaria, México},
  isbn =         9786078066599,
  url =          {https://dusselpeters.com/CECHIMEX/Naughton2021_Industrial_Policy_in_China_CECHIMEX.pdf},
  DATE_ADDED =   {Fri Feb 26 15:59:36 2021},
}
@article{cao06_chinas_scien_techn_plan,
  author =       {Cong Cao and Richard P. Suttmeier and Denis Fred Simon},
  title =        {China's 15-year Science and Technology Plan},
  journal =      {Physics Today},
  volume =       59,
  number =       12,
  pages =        {38-43},
  year =         2006,
  doi =          {10.1063/1.2435680},
  url =          {https://doi.org/10.1063/1.2435680},
  DATE_ADDED =   {Fri Feb 26 15:59:36 2021},
}

@Book{feigenbaum03_chinas,
  author =       {Feigenbaum, Evan},
  title =        {China's techno-warriors : national security and strategic
  competition from the nuclear to the information age},
  year =         2003,
  publisher =    {Stanford University Press},
  address =      {Stanford, Calif},
  isbn =         9780804746014,
}
@Book{greenhalgh10_cultiv,
  author =       {Greenhalgh, Susan},
  title =        {Cultivating global citizens : population in the rise of China},
  year =         2010,
  publisher =    {Harvard University Press},
  address =      {Cambridge, Mass},
  isbn =         9780674055711,
}
@Book{greenhalgh05_gover_chinas,
  author =       {Greenhalgh, Susan},
  title =        {Governing China's population : from Leninist to neoliberal
  biopolitics},
  year =         2005,
  publisher =    {Stanford University Press},
  address =      {Stanford, Calif},
  isbn =         9780804748803,
}
@Book{greenhalgh08_just,
  author =       {Greenhalgh, Susan},
  title =        {Just one child : science and policy in Deng's China},
  year =         2008,
  publisher =    {University of California Press},
  address =      {Berkeley},
  isbn =         9780520253391,
}
@Book{minzner18_end,
  author =       {Minzner, Carl},
  title =        {End of an era : how China's authoritarian revival is
  undermining its rise},
  year =         2018,
  publisher =    {Oxford University Press},
  address =      {New York, NY, United States of America},
  isbn =         9780190672089,
}
@Book{overholt18_chinas,
  author =       {Overholt, William},
  title =        {China's crisis of success},
  year =         2018,
  publisher =    {Cambridge University Press},
  address =      {Cambridge, United Kingdom New York, NY},
  isbn =         9781108431996,
}
@Book{cabestan18_demain_chine,
  author =       {Cabestan, Jean-Pierre },
  title =        {Demain la Chine : démocratie ou dictature},
  year =         2018,
  publisher =    {Gallimard},
  address =      {Paris},
  isbn =         9782072787669,
}
@Book{dickson16,
  author =       {Dickson, Bruce},
  title =        {The dictator's dilemma : the Chinese Communist Party's
  strategy for survival},
  year =         2016,
  publisher =    {Oxford University Press},
  address =      {Oxford},
  isbn =         9780190228552,
}
@Book{mcmahon18_chinas,
  author =       {McMahon, Dinny},
  title =        {China's great wall of debt : shadow banks, ghost cities,
  massive loans, and the end of the Chinese miracle},
  year =         2018,
  publisher =    {Houghton Mifflin Harcourt},
  address =      {Boston},
  isbn =         9781328846013,
}
@Book{cheng21_penser_chine,
  author =       {Cheng, Anne},
  title =        {Penser en Chine},
  year =         2021,
  publisher =    {Galimard},
  address =      {Paris},
  isbn =         9782072870927,
}

@Book{hong17_networ_china,
  author =       {Hong, Yu},
  title =        {Networking China : the digital transformation of the Chinese
  economy},
  year =         2017,
  publisher =    {University of Illinois Press},
  address =      {Urbana},
  isbn =         9780252082399,
}

@Book{griffiths19_china,
  author =       {Griffiths, James},
  title =        {The great firewall of China : how to build and control an
  alternative version of the internet},
  year =         2019,
  publisher =    {Zed Books},
  address =      {London},
  isbn =         9781786995353,
}

@Book{heilmann17_chinas,
  author =       {Heilmann, Sebastian},
  title =        {China's political system},
  year =         2017,
  publisher =    {Rowman \& Littlefield},
  address =      {Lanham, Maryland},
  isbn =         9781442277359,
}

@Article{Made_In_China_2025,
  author =       {Wübbeke, Jost},
  title =        {Made in China 2025},
  journal =      {Meric.org},
  year =         {2016},
 url =  {https://merics.org/en/report/made-china-2025},
  DATE_ADDED =   {Fri Feb 26 15:59:36 2021},
  OPTkey =       {},
  OPTvolume =    {},
  OPTnumber =    {},
  OPTpages =     {},
  OPTmonth =     {},
  OPTnote =      {},
  OPTannote =    {}
}



@Article{Evolving_MiC25,
  author =       {Holzmann, Anna },
  title =        {Evolving Made in China 2025},
  journal =      {Meric.org},
  year =         {},
 url =  {https://merics.org/en/press-release/new-merics-study-made-china-2025},
  DATE_ADDED =   {Fri Feb 26 15:59:36 2021},
OPTkey =       {},
  OPTvolume =    {},
  OPTnumber =    {},
  OPTpages =     {},
  OPTmonth =     {},
  OPTnote =      {},
  OPTannote =    {}
}

@Article{Futur_China_Semiconductor,
  author =       {Triolo, Paul},
  title =        {The Future of China’s Semiconductor Industry},
  journal =      {Americanaffairsjournal.org},
  year =         {2021},
 url =  {https://americanaffairsjournal.org/2021/02/the-future-of-chinas-semiconductor-industry/},
  DATE_ADDED =   {Fri Feb 26 15:59:36 2021},
  OPTkey =       {},
  OPTvolume =    {},
  OPTnumber =    {},
  OPTpages =     {},
  OPTmonth =     {},
  OPTnote =      {},
  OPTannote =    {}
}
@Book{heilmann18_red,
  author =       {Heilmann, Sebastian},
  title =        {Red swan : how unorthodox policy making facilitated China's
  rise},
  year =         2018,
  publisher =    {The Chinese University Press},
  address =      {Hong Kong},
  isbn =         9789629968274,
}


@article{wong09_rebuil_gover_centur,
  author =       {Christine Wong},
  title =        {Rebuilding Government for the 21st Century: Can China
                  Incrementally Reform the Public Sector?},
  journal =      {The China Quarterly},
  volume =       200,
  number =       {nil},
  pages =        {929-952},
  year =         2009,
  doi =          {10.1017/s0305741009990567},
  url =          {https://doi.org/10.1017/s0305741009990567},
  DATE_ADDED =   {Thu Mar 11 19:25:55 2021},
}

@Book{pei16_chinas,
  author =       {Pei, Minxin},
  title =        {China's crony capitalism : the dynamics of regime decay},
  year =         2016,
  publisher =    {Harvard University Press},
  address =      {Cambridge, Massachusetts},
  isbn =         9780674737297,
}

@Book{ang20_chinas,
  author =       {Ang, Yuen Yen},
  title =        {China's gilded age : the paradox of economic boom and vast
  corruption},
  year =         2020,
  publisher =    {Cambridge University Press},
  address =      {Cambridge, United Kingdom New York, NY},
  isbn =         9781108478601,
}

@Book{mazzucato18,
  author =       {Mazzucato, Mariana},
  title =        {The value of everything : making and taking in the global
  economy},
  year =         2018,
  publisher =    {Public Affairs, an imprint of Perseus Books a subsidiary of
  Hachette Book Group},
  address =      {New York},
  isbn =         9781610396745,
}

@Book{chang95_thread,
  author =       {Chang, Iris},
  title =        {Thread of the silkworm},
  year =         1995,
  publisher =    {Basic Books},
  address =      {New York, NY},
  isbn =         9780465006786,
}
@Book{meyskens20_maos,
  author =       {Meyskens, Covell},
  title =        {Mao's third front : the militarization of Cold War China},
  year =         2020,
  publisher =    {Cambridge University Press},
  address =      {Cambridge, United Kingdom New York, NY},
  isbn =         9781108489553,
}
@book{damien14_in,
	title={In Line Behind a Billion People: How Scarcity Will Define China's Ascent in the Next Decade},
	author={Ma, Damien and Adams, William},
	year={2014},
	publisher={Pearson Education}
}
@Book{klein20_trade,
  author =       {Klein, Matthew},
  title =        {Trade wars are class wars : how rising inequality distorts the
  global economy and threatens international peace},
  year =         2020,
  publisher =    {Yale University Press},
  address =      {New Haven},
  isbn =         9780300244175,
}

@Book{coase12_how_china,
  author =       {Coase, R. H},
  title =        {How China became capitalist},
  year =         2012,
  publisher =    {Palgrave Macmillan},
  address =      {Houndmills, Basingstoke, Hampshire New York, NY},
  isbn =         9781137019363,
}
